<?xml version="1.0" encoding="UTF-8"?><collection xmlns="http://www.loc.gov/MARC21/slim"><record><leader>00391nam--2200133-i-4500</leader><controlfield tag="001">000025913</controlfield><controlfield tag="002">20161230</controlfield><controlfield tag="005">20161230201036</controlfield><controlfield tag="008">060222s1000------------r-----000-0-eng-d</controlfield><datafield ind1=" " ind2=" " tag="080"><subfield code="a">691:620.1</subfield></datafield><datafield ind1=" " ind2=" " tag="100"><subfield code="a">Kalinovskii, A.F</subfield></datafield><datafield ind1=" " ind2=" " tag="245"><subfield code="a">Organizarea laboratoarelor de constructii. traducere din l.rusa</subfield></datafield><datafield ind1=" " ind2=" " tag="260"><subfield code="a">/Bucuresti/, Ed.De Stat Pt.Arhitectura Si Constructii, 1954, 172p</subfield></datafield><datafield ind1=" " ind2=" " tag="852"><subfield code="a">5893</subfield></datafield></record></collection>